@online{PkmnCreator,
    author = "The Editors of Encyclopaedia Britannica",
    title = "Pokémon",
    url = "https://www.britannica.com/topic/Pokemon-electronic-game"
}

@book{SatoshiBook,
    author = "Satoshi Tajiri",
    title = "Satoshi Tajiri: New Game Design",
    date = "1995-12",
    isbn = "978-4870258587"
}

@online{PkmnSales,
    author = "VGSales",
    title = "Pokémon sales",
    url  = "https://vgsales.fandom.com/wiki/Pokémon",
    date = "2019",
    note = "Sales figures compiled from Nintendo Japan",
}

@online{PkmnSalesIll,
    author = "IanMazgelis",
    title = "Pokémon sales per game",
    url  = "https://www.reddit.com/r/gaming/comments/4kjzq7/pokemon_sales_per_game/",
    date = "2016",
    note = "Illustration of sales figures from VGSales",
    keywords = "sales"
}

@online{PkmnFigures,
    author = "The Pokémon Company",
    title = "Pokémon in figures",
    url  = "https://corporate.pokemon.co.jp/en/aboutus/figures/",
    date = "2020"
}

@article{Pikachurin,
    author = "Shigeru Sato and Yoshihiro Omori and others",
    issue = "Nature Neuroscience 11 (923–931)",
    title = "Pikachurin, a dystroglycan ligand, is essential for photoreceptor ribbon synapse formation",
    date = "2008",
    url = "https://doi.org/10.1038/nn.2160"
}

@online{PkmnPop,
    title = "How Pokemon Became a Pop Culture Sensation in America",
    url = "https://v1.escapistmagazine.com/articles/view/video-games/15498-How-Pokemon-Became-a-Lasting-Pop-Culture-Phenomenon-in-America",
    date = "2016-02-25"
}

@online{PkmnRPG,
    title = "Why Pokemon is the most Influential RPG of All Time",
    url = "https://venturebeat.com/2009/07/18/why-pokemon-is-the-most-influential-rpg-of-all-time-or-the-crisis-of-the-rpg/",
    date = "2009-07-18"
}

@online{PkmnEffect,
    title = "The Pokémon Effect: How 20-Year Old Game Boy Cartridges Shaped a Generation",
    url = "https://www.huffpost.com/entry/the-pokemon-effect-how-20_b_9303926",
    date = "2016-02-27"
}

@online{Etymology,
    title = "Etymology: Names from Fictional Characters, section Video and Role-playing Games",
    url = "https://www.curioustaxonomy.net/etym/fiction.html"
}

@online{Novel,
    title = "Jim Butcher chats about Pokemon, responsibility, and Changes",
    url = "http://www.fantasyliterature.com/author-interviews/jim-butcher/"
}

@online{PkmnArt,
    title = "Artist Re-imagines Starter Pokemon in Amazing Ancient Mayan Art Style Paintings",
    url = "https://grapee.jp/en/115487"
}

@online{PkmnFangames,
    title = "Fan Made Pokemon Games List",
    url = "https://www.pokemoncoders.com/fan-made-pokemon-games/"
}    
    
@online{PkmnUV,
    title = "Pokemon Ultra Violet",
    url = "https://www.etsy.com/fr/listing/502285451/pokemon-ultra-violet-fan-made-hack-gba"
}    
    
@online{PkmnCartridge,
    title = "Obscure Pokemon Hacks ON REAL GBA CARTRIDGES!",
    url = "https://andisgamesrealm.wordpress.com/2013/11/15/obscure-pokemon-hacks-on-real-gba-cartridges/"
}

@online{Homebrew,
    title = "Play Homebrews on Your GBA",
    url = "https://www.oreilly.com/library/view/retro-gaming-hacks/0596009178/ch04s16.html"
}

@online{PkmnRH,
    title = "Pokémon ROM hack stopped by Nintendo four days before launch",
    url = "https://arstechnica.com/gaming/2016/12/nintendo-sends-cease-and-desist-notice-to-pokemon-rom-hacker/"
}

@online{Essentials,
    title = "Essentials Docs Wiki",
    url = "https://essentialsdocs.fandom.com/wiki/Essentials_Docs_Wiki"
}

@online{PkmnPlanet,
    title = "Pokémon Planet",
    url = "https://pokemon-planet.com/"
}

@online{PkmnLegends,
    title = "Pokémon Legends",
    url = "https://www.pokemonlegends.com/"
}

@online{PkmnFanGameList,
    title = "Pokemon Fan Games List",
    url = "https://www.gbahacks.com/p/pokemon-pc-games.html"
}

@online{RMXP,
    title = "RPG Maker XP: Make your own game !",
    url = "https://www.rpgmakerweb.com/products/rpg-maker-xp"
}

@online{PoorPerf,
    title = "Can we get a solution for Essentials / RPG Maker running poorly in W10?",
    url = "https://reliccastle.com/threads/1521/"
}

@online{PkmnBestFG,
    title = "Best Pokémon Fan Games 2020",
    url = "https://thetecsite.com/best-pokemon-fan-games"
}

@online{PkmnBestFG2,
    title = "The 10 Best Pokémon Fan Games Ever Made",
    url = "https://gaminggorilla.com/best-pokemon-fan-games/"
}

@online{PUtakedown,
    title = "Pokémon Uranium Creators Pull Game After 1.5 Million Downloads",
    url = "https://www.kotaku.com.au/2016/08/pokmon-uranium-creators-pull-game-after-15-million-downloads/"
}

@online{PUsidequests,
    title = "Unimplemented/Unfinished Sidequests ",
    url = "https://pokemon-uranium.fandom.com/wiki/Sidequests"
}

@online{NOP,
    title = "",
    url = ""
}
